1676 2845
106 167 184 198 xit

110 268 362 322 caicareae,
377 264 556 324 plantis
577 255 847 322 subalpinis
862 264 1044 320 passim
1058 259 1260 316 obsim,
1282 258 1340 305 ad
1358 268 1499 319 quas}

107 366 226 412 licet
251 380 378 424 saepe
398 364 660 421 abruptas,
695 376 720 406 a
739 369 882 419 tergo
898 361 1077 407 saltem
1092 360 1250 405 facilis
1265 364 1404 418 patet
1421 372 1504 404 ac·-

110 480 302 514 cessus.
335 465 496 521 Regio
512 463 722 508 inferior
738 462 816 506 vel
832 462 985 520 pratis
1009 460 1225 506 vestitur
1238 458 1503 522 succulen-

110 566 193 623 tis,
217 566 295 610 vel
322 564 469 608 aratri
486 562 676 622 patiens
697 562 908 607 cerealia
926 561 1084 616 fovet,
1109 566 1157 604 et
1179 560 1379 618 quidem
1393 571 1504 616 quae

110 665 364 722 asperiora
391 670 506 707 sunt
527 662 668 716 loca,
700 661 731 704 i.
753 675 795 704 e.
821 658 1124 704 conditionis
1154 657 1311 714 magis
1344 657 1507 702 calca·-

108 777 231 810 reae‚
257 762 429 806 tritico
446 760 638 816 amyleo
653 759 732 804 vel
747 772 1069 803 monococco
1084 757 1294 802 ferendo
1311 756 1506 815 aptiora

111 868 250 916 sunt,
282 860 481 904 mitiora
498 865 663 902 autem
679 857 936 913 magisque
958 856 1017 921 agl
1033 855 1278 900 orientem
1296 867 1507 911 vergen-

106 959 192 1013 tia,
227 959 479 1002 frumenta
501 955 725 1000 melioris
746 961 877 998 notae
896 954 1003 998 laete
1020 954 1325 1013 producunt.
1360 951 1509 997 Cete.

110 1071 223 1101 rum
240 1057 411 1099 eadem
429 1054 537 1098 “naec
565 1053 704 1110 regio
721 1053 961 1097 arborum
984 1051 1362 1096 fructiferarum
1376 1051 1509 1095 fera-

110 1155 311 1200 cissima
338 1161 430 1197 est.
475 1152 703 1210 Undique
729 1152 777 1196 in
806 1158 979 1195 monte
1008 1151 1289 1196 scaturiunt
1313 1151 1508 1207 fontes,

113 1266 331 1312 quorum
344 1252 491 1307 longe
511 1251 699 1307 majore
715 1257 856 1307 parte
879 1250 927 1293 in
942 1249 1133 1294 rivulos
1150 1249 1510 1293 vailecularum

111 1358 249 1410 prata
274 1350 536 1406 irrigantes
560 1349 773 1393 collecta
791 1381 806 1404 ,
840 1348 972 1392 fluvii
998 1348 1202 1408 Erqo‘lz
1229 1348 1346 1392 dicti
1372 1359 1509 1405 aquae

113 1457 372 1506 augentur,
405 1463 512 1506 quae
537 1448 726 1492 relictis
744 1447 953 1491 vallibus
978 1447 1330 1491 amoenissimis
1357 1447 1513 1490 Sissa..

113 1547 346 1592 censibus
377 1555 525 1604 atque
558 1545 1022 1591 Lucisvailensibus
1052 1559 1208 1604 prope
1232 1549 1512 1601 Augustam

111 1645 465 1690 Rauracorum
495 1645 678 1690 Rheno
708 1645 996 1689 illabuntur.
1032 1645 1107 1688 Ad
1142 1645 1336 1688 radices
1368 1658 1514 1688 mon-

112 1745 239 1791 tium
260 1745 372 1788 urbi
399 1745 717 1801 propiorum,
750 1750 798 1788 et
823 1745 871 1787 in
899 1743 1129 1800 planitie,
1165 1757 1219 1786 ea
1244 1743 1513 1801 praecipue,

115 1857 262 1902 quam
301 1843 465 1898 glarea
502 1850 748 1899 occupat,
791 1843 948 1885 vineae
982 1841 1244 1896 coluntur5
1288 1842 1336 1884 in
1372 1849 1515 1898 parte

114 1940 305 1997 reliqua
322 1972 337 1994 ,
364 1953 588 1993 mergam
615 1941 838 1996 inprimis
857 1939 1164 1993 continente,
1184 1947 1232 1983 et
1250 1947 1515 1996 pratorum

118 2043 291 2094 decus,
323 2045 371 2081 et
389 2050 626 2092 agrorum
646 2037 941 2080 foecunditas
956 2069 971 2090 ,
1004 2049 1098 2078 nec
1121 2049 1219 2078 non
1240 2035 1515 2078 hortorum

116 2143 541 2195 pometorurnque
560 2134 816 2182 amoenitas
831 2167 846 2189 ‚
883 2145 1184 2191 quocunque
1200 2132 1378 2176 oculos
1395 2146 1519 2178 cone

118 2235 365 2289 verteris,
417 2235 530 2279 laeto
563 2233 782 2278 animum
815 2233 905 2278 tibi
928 2231 1228 2292 perfundent
1259 2230 1457 2285 gaudio.

206 2335 262 2381 In
289 2341 430 2393 parte
452 2333 812 2379 transrhenana
829 2345 1006 2378 versus
1035 2330 1229 2390 plagam
1256 2329 1519 2373 borealem

121 2432 257 2487 (Nor
267 2432 400 2489 dost)
418 2433 467 2477 in
484 2439 816 2490 conspectum
835 2430 1167 2486 veniuntjuga
1186 2428 1333 2485 sylvae
1345 2426 1526 2486 nigrae,

121 2531 314 2590 granite
343 2540 493 2591 atque
534 2531 724 2589 gneisio
760 2530 1005 2586 formata,
1058 2529 1189 2576 inter
1234 2522 1517 2585 quae‘celsa
