1676 2845
130 140 170 172 x
181 159 186 163 ,

132 256 219 288 sua
235 257 326 300 per·
344 255 452 286 eam
467 240 713 299 pandisse.
734 238 915 298 Neque
928 245 1099 285 tamen
1124 224 1218 297 est,
1235 243 1371 300 quod
1383 247 1527 301 pute-

131 354 270 396 mus,
298 342 445 396 longe
469 340 734 398 plurimam
761 346 956 397 partem
978 353 1155 385 eorum
1176 341 1324 385 nobis
1339 341 1528 385 hucus-

133 455 229 498 que
266 441 573 496 innotuisse,
626 440 744 498 quin
781 447 957 484 contra
998 440 1279 495 diligentius
1321 438 1527 484 investi.

130 547 362 598 gaturum
392 540 578 595 largam
604 540 889 584 adhucdum
917 553 1119 583 manere
1144 553 1378 584 messem.

228 638 347 683 Jam
370 654 494 683 vero
525 639 744 695 regionis
766 639 915 696 hujus
947 639 996 682 in
1023 638 1238 682 confinio
1268 638 1528 707 Helyetiae,

133 736 417 784 Germaniae
436 744 582 794 atque
601 737 782 805 Galliael
798 738 930 794 sitae,
959 739 1178 796 primum
1208 726 1530 782 Consideran-

133 836 252 880 dum
290 843 366 881 est
405 838 617 899 spatium
665 837 1003 891 deltoideum,
1055 836 1252 880 duobus
1288 835 1528 880 lateribus

131 936 294 981 fluviis·
313 936 494 979 Rheno
512 936 759 979 inclusum
779 945 927 992 atque
947 933 1086 979 Birsa
1101 969 1115 990 ,
1149 935 1232 992 qui
1256 933 1388 980 haud
1407 947 1530 991 pro-

134 1032 216 1076 cul
235 1033 295 1077 ab
312 1033 436 1077 urbe
461 1034 508 1076 in
527 1034 760 1088 angulum
783 1040 998 1087 coeunt;
1030 1032 1162 1076 basis
1185 1034 1243 1076 ad
1266 1032 1530 1076 meridiem

134 1137 364 1189 spectans
390 1132 438 1175 in
455 1132 592 1174 illum
608 1131 746 1176 Jurae
762 1138 979 1175 tractum
993 1131 1122 1199 abit,
1156 1132 1240 1189 qui
1261 1131 1322 1175 ab
1343 1144 1530 1175 occasu

134 1231 194 1274 ad
232 1231 481 1274 orientem
524 1232 823 1285 deflectens,
859 1243 1037 1274 versus
1073 1230 1311 1274 Rhenum
1348 1242 1533 1273 excur-

136 1329 228 1383 rit,
273 1342 453 1387 pagum
481 1329 822 1373 Basileensem
862 1342 887 1371 a
932 1328 1356 1376 Solodurensibus
1392 1341 1534 1386 sepa-

134 1440 269 1471 rans.
332 1427 729 1485 Comprehendit
776 1428 906 1470 enim
947 1427 1067 1470 illud
1104 1427 1251 1482 longe
1286 1426 1532 1482 majorem

135 1525 287 1582 hujus
318 1532 544 1582 partem,
592 1539 799 1583 eamque
836 1526 1016 1583 plantis
1054 1525 1377 1579 ditissimam,
1411 1525 1534 1568 dex-

136 1629 213 1667 tra
241 1624 301 1667 ab
334 1623 570 1679 Argoviae
610 1624 763 1678 valle,
797 1623 874 1667 cui
909 1637 1094 1668 nomen
1125 1631 1201 1669 est
1226 1621 1532 1678 Fricktlzal,

136 1724 432 1781 pierumque
477 1722 661 1767 Rheno
702 1723 1010 1780 sejunctam,
1072 1722 1269 1766 sinistra
1309 1728 1474 1765 autem
1508 1734 1535 1765 a

136 1821 293 1865 Birsae
314 1798 524 1865 vellibus
548 1822 886 1879 asperioribus
916 1820 1228 1864 Delemontii
1258 1826 1308 1864 et·
1325 1818 1536 1876 Lausen

137 1918 334 1974 longius
368 1919 706 1964 recedentem.
766 1919 905 1962 Jurae
935 1926 1100 1962 autem
1115 1918 1234 1976 juga
1252 1918 1386 1962 haud
1406 1893 1537 1961 mui-

139 2023 249 2060 tum
273 2015 404 2058 ultra
447 2013 539 2058 sex
572 2014 740 2058 leucas
777 2015 836 2058 ab
868 2014 996 2057 urbe
1023 2017 1423 2072 protenduntur,
1473 2029 1532 2059 eo

149 2114 292 2159 altius
320 2111 625 2168 assurgentia
643 2145 658 2167 ,
691 2125 791 2169 quo
816 2111 974 2167 magis
1003 2112 1063 2154 ad
1087 2111 1404 2155 occidentem
1421 2089 1536 2155 {rer-

144 2219 283 2269 gunt‚
310 2211 616 2269 propiusque
646 2209 704 2253 ad
733 2223 985 2254 summum
1007 2211 1054 2253 in
1078 2210 1182 2254 hoc
1213 2216 1379 2253 tractu
1398 2210 1537 2255 fasti.

146 2312 281 2368 gium
312 2311 585 2365 accedunt,
616 2315 844 2353 montem
872 2309 986 2353 dico
1014 2307 1364 2370 ‚Pascha-any,
1392 2310 1534 2366 cujUs

146 2418 328 2454 vertex
341 2408 431 2452 der
451 2405 735 2469 Voqelberq
757 2409 1046 2466 appellatur.
1110 2408 1184 2461 (Is
1216 2420 1535 2452 sec.mensu.·

145 2523 253 2555 ram
269 2508 465 2554 barem.
485 2522 511 2553 a
527 2509 619 2554 cel.
641 2508 773 2556 Dan.
796 2507 1005 2555 Hubero
1025 2507 1215 2563 initam,
1236 2499 1364 2556 2940'
1386 2517 1537 2563 supra
