1676 2845
450 153 786 200 HEXANnmA.
844 152 910 198 M
912 155 1217 200 oNocYmAi
1439 153 1523 204 327

194 264 241 315 β.
272 265 531 322 viviparzcs
542 283 561 322 3
597 266 692 311 Gr.
703 267 849 322 juno.
871 264 973 323 sol.
1011 272 1115 314 art.
1145 279 1257 311 cum
1292 263 1525 314 utriculis

143 349 190 397 0.
212 349 273 394 Β.
299 351 365 394 P.
383 349 575 395 Prodr.
603 364 643 395 c.
666 351 727 396 ic.
759 356 805 393 et
832 350 939 394 Cat.
975 349 1005 394 l.
1033 364 1073 396 c.
1103 350 1198 396 Th.
1222 352 1293 400 77.
1320 363 1360 398 c.
1385 350 1452 398 ic·

192 465 240 500 y.
271 447 450 493 Minor
469 482 486 504 ,
515 449 831 506 pauciflorus.

191 544 320 590 Rad.
356 547 579 603 fibrosa,
630 546 953 603 fasciculata,
1010 546 1305 605 subrepens.
1361 546 1523 591 Culmi

136 629 494 674 decumbentes
535 631 613 675 vel
647 632 1037 685 adscendentes,
1083 645 1210 688 saepe
1244 630 1524 687 caespitosi,

134 714 506 772 subcompressi
524 746 537 768 ‚
571 715 746 770 glabri,
777 716 1030 759 levissime
1057 716 1234 771 striati,
1270 711 1318 772 ½
1340 736 1392 745 —
1412 707 1525 771 1¹s2'.

133 798 271 843 Folia
294 800 508 856 alterna,
541 800 742 855 glabra,
777 800 1265 858 compressiuscula,
1293 798 1523 853 linearia,

135 892 333 938 erecta,
378 885 444 926 ob
483 884 703 928 valvulas
743 885 1272 929 articulato-nodosa.
1323 883 1524 939 vagina»,

133 964 315 1020 glabrae
340 966 540 1011 striatae.
591 967 765 1022 Ligula
799 968 1013 1024 oblonga
1058 969 1255 1016 obtusa.
1308 966 1527 1011 Anthela

134 1049 446 1107 composita,
490 1049 820 1104 dichotoma,
883 1053 1088 1095 ramulis
1130 1054 1317 1097 strictis
1363 1052 1526 1095 diver.

132 1133 379 1189 gentibus.
434 1132 659 1178 Bracteae
698 1134 1004 1177 acuminatas.
1059 1136 1279 1192 Capitula
1317 1136 1529 1178 subcor-

133 1219 278 1274 data,
325 1218 631 1273 terminalia,
681 1219 901 1262 lateralia
937 1226 987 1262 et
1021 1219 1256 1265 axium-ia.
1308 1218 1526 1262 Flosculi

131 1297 158 1346 4
184 1325 237 1334 -
263 1305 317 1359 7,
369 1302 700 1357 divergentes.
752 1301 1009 1357 Perigonii
1060 1302 1232 1345 foliola
1274 1302 1525 1356 brunnea,

131 1387 298 1432 medio
343 1387 548 1442 viridia,
609 1393 767 1430 acuta.
819 1386 1030 1444 Capsula
1085 1386 1526 1442 atro-spadicea,

131 1471 398 1529 splendens
417 1501 431 1524 ,
466 1470 840 1524 obtusiuscula,
873 1477 1184 1513 mucronata.
1225 1469 1279 1513 In
1307 1468 1352 1516 β.
1376 1470 1526 1513 flores

129 1555 210 1601 vel
235 1556 402 1613 plures
431 1556 510 1598 vel
539 1556 683 1598 simul
715 1568 889 1598 omnes
923 1555 969 1597 in
1012 1554 1277 1598 fasciculos
1310 1552 1524 1597 foliosos

130 1646 553 1698 purpurascentes
574 1646 906 1691 excrescunt3
932 1636 1301 1690 monstrositas,
1336 1649 1400 1679 ex
1418 1635 1524 1679 ictu

134 1723 310 1767 insecti
330 1721 529 1777 oborta,
547 1723 679 1779 quod
698 1722 799 1765 Cel.
826 1722 1138 1765 LATREILLIO
1162 1722 1345 1765 dicitur
1369 1719 1522 1764 Livia

126 1807 401 1850 Juncorzmz
416 1821 431 1860 5
456 1802 548 1860 (cf.
563 1805 642 1861 Ej.
660 1806 795 1849 Hist.
815 1804 984 1848 natmi.
1003 1804 1252 1847 Fourmis.
1267 1808 1301 1847 t.
1319 1806 1385 1846 12.
1388 1801 1521 1859 f.3.)

126 1889 185 1934 In
239 1905 284 1939 γ.
341 1889 534 1932 culmus
573 1889 835 1946 palmaris,
894 1887 1241 1945 spithamaeus,
1294 1885 1522 1944 panicula

125 1985 357 2030 paupera.
395 1971 511 2025 (Ne
548 1956 711 2015 tamen
740 1986 855 2015 cum
885 1972 935 2015 J.
964 1969 1138 2027 alpino
1171 1969 1492 2024 confundas.)

215 2068 265 2104 In
291 2067 535 2112 palustribus
562 2067 741 2112 locisque
772 2065 947 2103 humidis
967 2068 1114 2111 ubique
1136 2067 1325 2112 vulgaris.
1370 2062 1412 2110 β.
1434 2074 1521 2111 pas-

127 2138 203 2175 sim
237 2137 422 2175 occurrit.
485 2150 526 2186 ·γ.
557 2139 597 2173 in
623 2138 782 2184 pascuis
809 2137 1022 2175 montanis.
1068 2137 1308 2183 him-Aug.
1346 2134 1406 2187 24.

180 2282 221 2309 *²
237 2284 394 2340 fusco
410 2309 434 2326 =
453 2292 568 2330 atet·
596 2286 805 2331 SCHREB.
827 2296 841 2340 3
891 2284 1067 2330 culmis
1092 2278 1284 2329 foliosis
1308 2281 1518 2339 erectis,

124 2369 256 2414 foliis
306 2372 502 2415 nodoso
523 2402 540 2412 .
563 2371 834 2416 articulatis
883 2370 1106 2423 strictis}
1173 2367 1518 2427 superioribus

123 2453 525 2512 subcompressis
553 2488 568 2510 ,
626 2454 851 2513 capitulis
903 2453 1184 2512 paucifloris
1208 2483 1224 2506 ,
1273 2449 1516 2509 perigonii

124 2538 308 2585 foliolis
357 2539 549 2585 obtusis
591 2541 790 2599 capsula
826 2539 1074 2598 triquetro
1101 2569 1122 2578 -
1146 2541 1294 2583 ovata
1338 2534 1518 2583 obtusa
