1676 2845
1353 182 1421 212 XV
1428 181 1471 211 Π*

79 300 273 359 qualem
298 297 533 351 diximus,
568 293 792 350 adeoque
816 290 864 335 in
888 303 948 334 eo
981 286 1266 344 complures
1290 288 1472 328 coeant

78 400 245 455 fluvii,
277 411 376 442 non
413 401 486 439 est
509 406 653 449 sane,
689 390 824 448 quod
856 389 966 446 quis
1001 386 1246 439 miretur,
1291 389 1478 441 praeter·

78 500 261 555 stirpes
285 497 545 550 regionum
567 489 836 535 confinium
858 487 973 530 alias
997 487 1199 542 insuper
1231 481 1476 526 remotio.

79 609 192 642 rum
215 595 475 649 regionum
495 625 510 646 ,
540 604 634 634 nec
658 588 857 646 quidem
878 587 1000 628 adeo
1029 583 1210 642 procul
1234 582 1293 625 ab
1318 579 1473 634 urbe,

80 693 323 750 reperiri3
355 690 520 734 Rheni
553 688 788 732 nimirum
820 685 962 728 undis
1000 684 1190 742 plantas
1227 681 1476 738 alpigenas

84 789 463 849 adportantibus
485 820 499 842 ,
530 787 674 830 Birsa
703 792 868 828 autem
902 783 1041 826 Jurae
1078 781 1241 825 altiori
1280 786 1329 823 et
1362 776 1476 822 valli

83 883 449 932 Miinstertlzal
481 883 616 927 dicto
666 882 919 935 indigenas
945 913 959 934 ,
1013 880 1188 923 Wiesa
1234 878 1479 934 denique,

87 998 210 1044 quas
246 984 395 1040 sylvae
431 982 582 1035 nigrae
623 979 835 1024 celsiora
873 978 992 1032 juga
1041 977 1238 1030 ferunt,
1297 975 1357 1017 ad
1386 985 1481 1020 nos

87 1082 447 1130 deferentibus.
472 1104 527 1113 -
560 1077 655 1122 Sed
685 1077 794 1120 haec
826 1076 1088 1120 hactenus.

197 1183 409 1235 Restat,
457 1186 513 1222 ut
562 1177 734 1221 amicis
772 1182 919 1232 atque
961 1171 1246 1217 fautoribus
1287 1181 1482 1215 summe

90 1279 314 1326 colendis
345 1292 437 1337 pro
478 1277 605 1331 illis,
659 1273 840 1331 quibus
868 1273 990 1316 mihi
1026 1272 1236 1329 quisque
1274 1269 1486 1327 opitula-

89 1387 170 1424 tus
206 1358 652 1429 estadminiculis,
701 1372 926 1430 publicas
971 1371 1256 1428 persolvam
1300 1376 1484 1424 grates.

88 1476 202 1524 Prae
247 1474 351 1518 aliis
391 1487 473 1517 me
520 1472 614 1517 sibi
660 1470 1090 1514 devinctissimum
1142 1469 1331 1512 habent
1379 1464 1485 1509 Viri

89 1573 519 1635 praestantissimi,
553 1571 616 1616 cl.
638 1570 789 1614 Fano.
816 1568 1067 1622 Nmsms,
1098 1566 1243 1610 Phil.-
1261 1565 1487 1620 Ductor,

89 1673 231 1718 horti
261 1672 513 1727 botanici‚
546 1670 630 1729 qui
665 1670 851 1714 Bonnae
883 1674 988 1724 est,
1020 1667 1314 1724 Inspector‚
1347 1670 1396 1707 et
1422 1662 1488 1707 cl.

91 1765 390 1827 MfiLLERns,
422 1769 690 1815 Parochus
715 1767 1068 1822 Oisbergensis
1083 1766 1148 1822 pl.
1165 1761 1489 1815 reverendus,

97 1880 315 1923 quorum
352 1868 432 1911 ille
474 1879 566 1924 per
602 1866 869 1909 triennium
906 1875 1078 1917 agrum
1110 1867 1341 1905 nostrum
1376 1869 1492 1917 per-

93 1971 318 2017 vagatus,
346 1963 425 2005 vel
447 1961 616 2016 plures
633 1972 790 2002 novas
821 1960 958 2001 cives
985 1956 1187 2011 addidit,
1223 1956 1303 2000 vel
1327 1955 1489 2000 dubiis

95 2058 411 2114 sagacissime
453 2058 658 2115 propria
708 2056 910 2101 nomina
957 2054 1246 2100 vindicavit.
1308 2055 1362 2099 Is'
1406 2067 1494 2098 au-

94 2164 199 2202 tem
236 2169 411 2202 omnes
461 2156 664 2199 omnino
700 2166 932 2199 recessus
970 2153 1190 2209 regionis
1227 2151 1351 2222 pulli
1384 2152 1491 2196 fere

99 2260 242 2299 antea
260 2252 591 2311 botanophilo
621 2253 739 2298 visae
757 2287 774 2310 ,
807 2267 914 2310 quae
936 2252 1299 2297 monasterium
1322 2249 1491 2307 (olim)

104 2349 317 2411 Olsher9
362 2352 551 2396 dictum
598 2351 927 2407 circumjacet
971 2357 1020 2394 et
1062 2349 1278 2394 vicinam
1325 2347 1491 2393 Rheni

100 2452 259 2508 ripam
302 2449 555 2494 indefesso
595 2449 827 2494 lustravit
872 2449 1036 2493 studio
1063 2481 1080 2504 ,
1152 2461 1209 2492 ac
1245 2461 1300 2491 ea
1324 2481 1339 2502 ,
1395 2460 1493 2504 qua

98 2547 292 2607 pollet,
352 2546 662 2594 humanitate
709 2547 1068 2594 excursionum
1119 2545 1244 2592 mihi
1284 2545 1491 2603 largitus
