1676 2845
204 220 339 255 xvnt

206 332 280 370 est
337 325 547 372 fructus.
645 324 869 372 Plurima
903 326 1161 385 'praeterea
1216 329 1442 375 amicitiae
1505 332 1599 378 cel.

204 424 442 482 ZEIHERI,
468 425 604 469 horti
629 425 1065 482 Schwetzingensis
1090 426 1399 484 DirectoriS,
1418 429 1597 485 debeo,

204 523 286 580 qui
331 530 380 567 et
426 525 643 569 rariores
688 525 805 570 olim
851 526 977 582 apud
1023 539 1112 569 nos
1147 527 1370 572 detectas
1415 528 1598 586 stirpes

200 619 555 678 benignissime
587 625 845 682 impertiit,
887 632 934 668 et
969 625 1107 682 plura
1140 624 1284 668 simul
1325 614 1470 669 dubia
1497 626 1598 670 sol.

203 720 290 764 vit.
347 720 460 765 Nec
493 722 690 767 silentio
730 724 851 766 mihi
897 724 1270 779 praetereundus
1299 731 1373 767 est
1395 725 1597 781 juvenis

198 816 632 876 annnJosaT,
664 821 994 876 hortulanus,
1041 821 1302 866 botanices
1333 823 1599 867 studiosis-

201 916 387 972 simus,
441 918 522 974 qui
569 917 753 963 herbas
791 920 927 963 circa
962 920 1341 963 Delemontium
1375 935 1398 962 a
1431 934 1484 963 se
1518 935 1598 964 re-

200 1023 369 1072 pertas
399 1015 618 1059 tradidit.
676 1017 859 1061 Parem
896 1019 1021 1075 apud
1056 1032 1135 1061 me
1174 1024 1221 1060 et
1260 1018 1335 1061 alii
1372 1019 1595 1061 nonnulli

199 1111 304 1157 Viri
339 1113 556 1157 inierunt
592 1113 799 1169 gratiam
821 1149 834 1171 ,
868 1129 1086 1172 quorum
1128 1117 1312 1172 passim
1345 1116 1394 1158 in
1442 1130 1596 1173 opere

200 1211 309 1269 ipso
355 1212 414 1255 ad
457 1211 568 1255 loca
617 1213 794 1257 natalia
844 1190 1123 1271 plantarum
1151 1247 1164 1269 ,
1218 1227 1339 1270 quas
1383 1213 1596 1269 benigne

200 1323 403 1354 mecum
434 1311 958 1368 communicaverant,
1008 1312 1197 1374 mentio
1233 1313 1364 1356 facta
1400 1320 1491 1356 est.
1541 1333 1600 1346 --

199 1405 655 1454 verumenimvero
697 1411 875 1468 pedem
910 1411 994 1455 hic
1025 1411 1163 1468 prius
1196 1411 1346 1467 figere
1380 1423 1602 1468 nequeo,

203 1519 351 1566 quam
375 1508 710 1565 gratissimum
741 1516 951 1553 testatus
973 1509 1068 1553 sim
1091 1510 1338 1563 animum,
1371 1507 1437 1551 ob
1469 1520 1598 1562 eam,

203 1620 299 1664 qua
333 1620 413 1649 me
447 1609 707 1664 prosecuti
730 1615 864 1662 sunt,
895 1606 1274 1661 liberalitatem,
1306 1605 1441 1650 Viris
1468 1605 1600 1649 cele..

200 1702 437 1749 berrimis
454 1704 685 1750 Gonora.
703 1704 918 1760 Nessslo,
934 1692 1029 1749 Ac.
1053 1704 1178 1750 Caes.
1196 1703 1351 1762 Leop.
1371 1703 1602 1759 Praesidi,

200 1802 437 1860 HUBERO,
485 1804 847 1860 Bunxmmno„
891 1803 1066 1849 Pyrno
1107 1802 1397 1856 MERIANO,
1446 1801 1594 1846 Prof.

201 1900 601 1957 Basileensibus,
632 1901 906 1949 Nes'rLGo
925 1935 940 1958 ,
972 1902 1088 1946 Bot.
1114 1901 1260 1946 Prof.
1296 1900 1600 1956 Argentor.,

201 1999 478 2053 SEmNGm,
509 1998 654 2043 Prof.
675 1999 919 2041 Bernensi
951 2000 1160 2052 aliisque
1193 1996 1560 2051 compluribus.

318 2095 473 2155 Quod
500 2101 762 2152 superest,
805 2107 888 2148 ea,
924 2107 1018 2151 qua
1051 2094 1222 2141 decet,
1261 2091 1601 2147 observantia,

202 2195 277 2239 rei
323 2193 570 2239 herbariae
618 2193 759 2237 viros
800 2193 1081 2250 principes,
1133 2204 1291 2246 rogo,
1343 2189 1602 2245 obsecro,

206 2301 259 2337 ut
292 2292 512 2336 auctoris
547 2290 795 2336 conamini
830 2290 1142 2347 indulgeant,
1176 2290 1366 2335 tirones
1401 2294 1598 2342 autem,

203 2401 260 2437 ut
291 2392 504 2436 faveant.
