1676 2845
1405 138 1504 170 xllx

115 241 334 299 eminent
374 247 535 307 capita
563 244 810 289 montium
845 240 1040 286 Blauen
1078 249 1226 300 atque
1259 239 1505 297 Belclzen,

117 365 334 412 quorum
382 349 463 392 ille
503 346 720 404 quinque
771 342 829 386 ab
876 341 1001 385 urbe
1052 341 1219 384 leucas
1267 340 1505 393 dissitus,

114 453 229 500 3579
264 449 445 507 pedum
483 444 789 489 altitudinem
826 441 1106 484 absolutam
1137 438 1334 495 explet,
1382 437 1507 479 alter

117 562 240 593 vero
278 542 391 590 [1355
427 545 577 603 pedes
615 550 789 600 aequat.
855 539 1018 583 Altius
1065 538 1264 595 quidem
1298 525 1518 578 effertui'*

116 647 196 692 Μ.
218 642 486 703 Feldberq,
519 643 577 686 ad
607 634 728 684 &610¹
746 652 902 696 usque
938 650 1217 692 assurgens,
1245 634 1332 678 sed
1353 643 1509 690 quum

118 744 315 800 longius
343 743 520 796 distet,
554 740 735 797 incepti
768 738 928 782 nostri
958 736 1141 780 limites
1176 732 1393 777 excedit.

232 840 385 900 Quod
405 846 569 882 autem
591 839 830 893 jugorum
848 851 872 879 a
890 850 968 879 me
992 837 1512 878 commemoratorum

83 974 86 990 ,
118 945 337 984 tractum
366 944 414 980 et
443 935 680 979 Rhenum
706 934 968 989 interjacet
993 933 1204 989 spatium
1223 962 1237 983 ‚
1258 929 1514 972 variehoc

120 1037 308 1094 campis
347 1034 604 1093 pratisque
646 1030 893 1076 fertilibus
940 1037 1087 1086 atque
1136 1026 1350 1070 collibus
1389 1025 1515 1068 vini-

51 1181 61 1183 4
120 1136 239 1179 feris
284 1133 633 1189 distinguitur,
679 1130 954 1187 VViesaque
997 1127 1148 1170 fluvio
1191 1130 1514 1182 persecatur‚

119 1233 169 1275 in
203 1231 339 1289 sylva
368 1232 505 1287 nigra
532 1229 760 1274 oriundo.
808 1227 859 1272 Is
888 1227 1068 1270 vallem
1094 1237 1119 1267 a
1140 1237 1194 1268 se
1227 1220 1517 1266 denomina-

120 1336 224 1372 tam
252 1328 496 1373 indomito
527 1328 632 1370 fere
664 1338 816 1370 cursu
853 1329 1104 1382 permeat,
1152 1322 1365 1378 indeque
1386 1317 1514 1363 infra

121 1427 298 1471 urbem
324 1427 373 1471 in
398 1425 636 1470 Rhenum
666 1424 954 1468 effunditur.
985 1422 1108 1466 Duo
1133 1426 1299 1464 autem
1322 1417 1518 1472 longio-

120 1539 201 1570 res
223 1524 560 1570 observantur
584 1524 835 1567 montium
858 1528 1047 1566 tractus
1072 1517 1392 1564 formationis
1417 1516 1519 1560 cal-

121 1637 297 1679 careae,
325 1624 457 1681 iique
480 1622 657 1680 plantis
678 1626 929 1666 scatentes
944 1653 959 1675 ,
996 1618 1078 1678 qui
1101 1624 1150 1662 et
1167 1618 1291 1661 citra
1314 1622 1364 1660 et
1387 1614 1520 1658 ultra

121 1720 377 1777 lViesam,
425 1721 627 1766 modico
669 1691 1204 1765 intervalloiRhenum
1238 1720 1518 1768 sectantes,

121 1821 321 1864 tandem
341 1820 580 1864 horulam
613 1819 674 1862 ab
699 1818 844 1872 urbe,
869 1829 1027 1875 prope
1054 1813 1145 1857 JV
1140 1812 1208 1857 eil
1227 1819 1276 1855 et
1303 1809 1519 1864 Riehen‚

124 1915 372 1960 orientem
411 1928 588 1959 versus
627 1915 930 1966 flectuntur,
975 1918 1026 1954 et
1061 1895 1297 1971 utrinque
1331 1907 1520 1952 VViesae

121 2011 266 2066 socii,
294 2009 352 2053 ad
374 2009 562 2065 sylvam
578 2008 770 2063 nigram
783 2005 1113 2050 contendunt.
1141 2004 1200 2049 In
1213 2003 1319 2059 illo,
1344 2003 1427 2062 qui
1446 2004 1519 2049 cis

119 2108 349 2154 VViesam
372 2107 724 2160 continuatur,
761 2109 955 2158 tractu,
991 2110 1169 2147 notatu
1196 2115 1298 2159 prae
1324 2101 1518 2147 caeteris

126 2203 299 2260 diguus
317 2213 394 2251 est
407 2204 488 2250 M.
511 2202 845 2258 Christianae,
877 2206 1102 2246 montem
1122 2199 1520 2247 Crenzacensem

129 2307 415 2347 antrorsum
442 2302 536 2348 sibi
560 2314 810 2346 annexum
829 2299 1021 2346 habens
1036 2333 1052 2355 ,
1083 2307 1294 2359 propter
1317 2299 1518 2359 stirpes,

129 2411 252 2458 quas
275 2398 415 2445 Fovet
434 2402 712 2461 peculiares
729 2433 745 2456 ,
774 2399 1045 2459 antiquitus
1058 2398 1163 2456 Jam
1188 2396 1516 2444 celebratum.

129 2493 188 2541 Iu
209 2503 376 2543 tractu
399 2483 570 2547 autem(
585 2499 716 2546 ultra
736 2499 967 2547 Wiesam
982 2504 1296 2555 consurgunt
1318 2501 1517 2543 monte-s
